<?xml version='1.0' encoding='UTF-8'?>
<record xmlns="http://www.loc.gov/MARC21/slim">
  <leader>00907cam a22002055  4500</leader>
  <controlfield tag="001">2787290</controlfield>
  <controlfield tag="003">NjP</controlfield>
  <controlfield tag="005">20171013180953.0</controlfield>
  <controlfield tag="008">991117s1906    ua            000 0 ara d</controlfield>
  <datafield tag="024" ind1="7" ind2=" ">
    <subfield code="a">princeton_aco001775</subfield>
    <subfield code="2">local</subfield>
  </datafield>
  <datafield ind1=" " ind2=" " tag="035">
    <subfield code="a">(OCoLC)ocm42847086</subfield>
  </datafield>
  <datafield ind1=" " ind2=" " tag="035">
    <subfield code="9">CNJ6289TS</subfield>
  </datafield>
  <datafield ind1=" " ind2=" " tag="040">
    <subfield code="a">PUL</subfield>
    <subfield code="c">PUL</subfield>
  </datafield>
  <datafield ind1="1" ind2=" " tag="100">
    <subfield code="a">Maḥbūbī, ʻUbayd Allāh ibn Masʻūd,</subfield>
    <subfield code="d">-1346 or 1347.</subfield>
    <subfield code="0">http://id.loc.gov/authorities/names/n86141596</subfield>
  </datafield>
  <datafield ind1="0" ind2="3" tag="245">
    <subfield code="a">al-Tawḍīh ʻalā al-Tanqīh ...</subfield>
    <subfield code="b">wa-ʻalayhi al-Talwīḥ lil-imām Saʻd al-Dīn al-Taftāzānī wa-ḥāshiyat al-Fanarī ʻalā al-Talwīḥ wa-ḥāshiyat Mullā Khusraw wa-ʻAbd al-Ḥakīm ʻalayhi ayḍan ...</subfield>
  </datafield>
  <datafield ind1=" " ind2=" " tag="260">
    <subfield code="a">Cairo,</subfield>
    <subfield code="b">al-Maṭbaʻah al-Khayrīyah,</subfield>
    <subfield code="c">1324 [1906]</subfield>
  </datafield>
  <datafield ind1=" " ind2=" " tag="300">
    <subfield code="a">3 v. in 2.</subfield>
    <subfield code="c">28 cm.</subfield>
  </datafield>
  <datafield ind1=" " ind2=" " tag="590">
    <subfield code="a">v. 1 is photocopy.</subfield>
  </datafield>
  <datafield ind1=" " ind2=" " tag="546">
    <subfield code="a">In Arabic.</subfield>
  </datafield>
  <datafield ind1=" " ind2=" " tag="945">
    <subfield code="a">F</subfield>
    <subfield code="b">1</subfield>
    <subfield code="c">2272.245.389.11</subfield>
    <subfield code="e">v.1-3</subfield>
  </datafield>
  <datafield ind1=" " ind2=" " tag="911">
    <subfield code="a">20000130</subfield>
  </datafield>
  <datafield ind1="0" ind2="1" tag="852">
    <subfield code="0">3098253</subfield>
    <subfield code="b">nec</subfield>
    <subfield code="h">KBP144</subfield>
    <subfield code="i">.M343 1906</subfield>
  </datafield>
  <datafield ind1=" " ind2="0" tag="866">
    <subfield code="0">3098253</subfield>
    <subfield code="a">Vol. 1-v. 3</subfield>
  </datafield>
  <datafield ind1=" " ind2=" " tag="959">
    <subfield code="a">2000-06-13 00:00:00 -0500</subfield>
  </datafield>
</record>
